<?xml version="1.0" encoding="UTF-8"?><record xmlns="http://www.loc.gov/MARC21/slim" xmlns:cinclude="http://apache.org/cocoon/include/1.0" xmlns:zs="http://www.loc.gov/zing/srw/">
  <leader>00445nz  a2200133n  4500</leader>
  <controlfield tag="001">nr2004005000</controlfield>
  <controlfield tag="003">DLC</controlfield>
  <controlfield tag="005">20040224033109.0</controlfield>
  <controlfield tag="008">040219n| acannaabn          |n aaa     c</controlfield>
  <datafield tag="010" ind1=" " ind2=" ">
    <subfield code="a">nr2004005000</subfield>
  </datafield>
  <datafield tag="040" ind1=" " ind2=" ">
    <subfield code="a">MWA</subfield>
    <subfield code="b">eng</subfield>
    <subfield code="c">MWA</subfield>
  </datafield>
  <datafield tag="100" ind1="1" ind2=" ">
    <subfield code="a">Macon, Edgar,</subfield>
    <subfield code="d">1801-1829</subfield>
  </datafield>
  <datafield tag="670" ind1=" " ind2=" ">
    <subfield code="a">Florida advocate, 1827</subfield>
    <subfield code="b">(Edgar Macon; Tallahassee Fla. publisher)</subfield>
  </datafield>
  <datafield tag="670" ind1=" " ind2=" ">
    <subfield code="a">Ancestry Plus, Feb. 19, 2004:</subfield>
    <subfield code="b">Ancestry World Tree (Edgar Macon; b. 9 Feb. 1801; d. 17 Nov. 1829)</subfield>
  </datafield>
</record>